
% Journals

% First the Full Name is given, then the abbreviation used in the AMS Math
% Reviews, with an indication if it could not be found there.
% Note the 2nd overwrites the 1st, so swap them if you want the full name.

 %{AMS}
 @String{AMSTrans = "American Mathematical Society Translations" }
 @String{AMSTrans = "Amer. Math. Soc. Transl." }
 @String{BullAMS = "Bulletin of the American Mathematical Society" }
 @String{BullAMS = "Bull. Amer. Math. Soc." }
 @String{ProcAMS = "Proceedings of the American Mathematical Society" }
 @String{ProcAMS = "Proc. Amer. Math. Soc." }
 @String{TransAMS = "Transactions of the American Mathematical Society" }
 @String{TransAMS = "Trans. Amer. Math. Soc." }

 %ACM
 @String{CACM = "Communications of the {ACM}" }
 @String{CACM = "Commun. {ACM}" }
 @String{CompServ = "Comput. Surveys" }
 @String{JACM = "J. ACM" }
 @String{ACMMathSoft = "{ACM} Transactions on Mathematical Software" }
 @String{ACMMathSoft = "{ACM} Trans. Math. Software" }
 @String{SIGNUM = "{ACM} {SIGNUM} Newsletter" }
 @String{SIGNUM = "{ACM} {SIGNUM} Newslett." }

 @String{AmerSocio = "American Journal of Sociology" }
 @String{AmerStatAssoc = "Journal of the American Statistical Association" }
 @String{AmerStatAssoc = "J. Amer. Statist. Assoc." }
 @String{ApplMathComp = "Applied Mathematics and Computation" }
 @String{ApplMathComp = "Appl. Math. Comput." }
 @String{AmerMathMonthly = "American Mathematical Monthly" }
 @String{AmerMathMonthly = "Amer. Math. Monthly" }
 @String{BIT = "{BIT}" }
 @String{BritStatPsych = "British Journal of Mathematical and Statistical
          Psychology" }
 @String{BritStatPsych = "Brit. J. Math. Statist. Psych." }
 @String{CanMathBull = "Canadian Mathematical Bulletin" }
 @String{CanMathBull = "Canad. Math. Bull." }
 @String{CompApplMath = "Journal of Computational and Applied Mathematics" }
 @String{CompApplMath = "J. Comput. Appl. Math." }
 @String{CompPhys = "Journal of Computational Physics" }
 @String{CompPhys = "J. Comput. Phys." }
 @String{CompStruct = "Computers and Structures" }
 @String{CompStruct = "Comput. \& Structures" }
 @String{CompJour = "The Computer Journal" }
 @String{CompJour = "Comput. J." }
 @String{CompSysSci = "Journal of Computer and System Sciences" }
 @String{CompSysSci = "J. Comput. System Sci." }
 @String{Computing = "Computing" }
 @String{ContempMath = "Contemporary Mathematics" }
 @String{ContempMath = "Contemp. Math." }
 @String{Crelle = "Crelle's Journal" }
 @String{GiornaleMath = "Giornale di Mathematiche" }
 @String{GiornaleMath = "Giorn. Mat." } % didn't find in AMS MR., ibid.

 %IEEE
 @String{Computer = "{IEEE} Computer" }
 @String{IEEETransComp = "{IEEE} Transactions on Computers" }
 @String{IEEETransComp = "{IEEE} Trans. Comput." }
 @String{IEEETransAC = "{IEEE} Transactions on Automatic Control" }
 @String{IEEETransAC = "{IEEE} Trans. Automat. Control" }
 @String{IEEESpec = "{IEEE} Spectrum" } % didn't find in AMS MR
 @String{ProcIEEE = "Proceedings of the {IEEE}" }
 @String{ProcIEEE = "Proc. {IEEE}" } % didn't find in AMS MR
 @String{IEEETransAeroElec = "{IEEE} Transactions on Aerospace and Electronic
     Systems" }
 @String{IEEETransAeroElec = "{IEEE} Trans. Aerospace Electron. Systems" }

 @String{IMANumerAna = "{IMA} Journal of Numerical Analysis" }
 @String{IMANumerAna = "{IMA} J. Numer. Anal." }
 @String{InfProcLet = "Information Processing Letters" }
 @String{InfProcLet = "Inform. Process. Lett." }
 @String{InstMathApp = "Journal of the Institute of Mathematics and
     its Applications" }
 @String{InstMathApp = "J. Inst. Math. Appl." }
 @String{IntControl = "International Journal of Control" }
 @String{IntControl = "Internat. J. Control" }
 @String{IntNumerEng = "International Journal for Numerical Methods in
     Engineering" }
 @String{IntNumerEng = "Internat. J. Numer. Methods Engrg." }
 @String{IntSuper = "International Journal of Supercomputing Applications" }
 @String{IntSuper = "Internat. J. Supercomputing Applic." } % didn't find
%% in AMS MR
 @String{Kibernetika = "Kibernetika" }
 @String{JResNatBurStand = "Journal of Research of the National Bureau
     of Standards" }
 @String{JResNatBurStand = "J. Res. Nat. Bur. Standards" }
 @String{LinAlgApp = "Linear Algebra and its Applications" }
 @String{LinAlgApp = "Linear Algebra Appl." }
 @String{MathAnaAppl = "Journal of Mathematical Analysis and Applications" }
 @String{MathAnaAppl = "J. Math. Anal. Appl." }
 @String{MathAnnalen = "Mathematische Annalen" }
 @String{MathAnnalen = "Math. Ann." }
 @String{MathPhys = "Journal of Mathematical Physics" }
 @String{MathPhys = "J. Math. Phys." }
 @String{MathComp = "Mathematics of Computation" }
 @String{MathComp = "Math. Comp." }
 @String{MathScand = "Mathematica Scandinavica" }
 @String{MathScand = "Math. Scand." }
 @String{TablesAidsComp = "Mathematical Tables and Other Aids to Computation" }
 @String{TablesAidsComp = "Math. Tables Aids Comput." }
 @String{NumerMath = "Numerische Mathematik" }
 @String{NumerMath = "Numer. Math." }
 @String{PacificMath = "Pacific Journal of Mathematics" }
 @String{PacificMath = "Pacific J. Math." }
 @String{ParDistComp = "Journal of Parallel and Distributed Computing" }
 @String{ParDistComp = "J. Parallel and Distrib. Comput." } % didn't find
%% in AMS MR
 @String{ParComputing = "Parallel Computing" }
 @String{ParComputing = "Parallel Comput." }
 @String{PhilMag = "Philosophical Magazine" }
 @String{PhilMag = "Philos. Mag." }
 @String{ProcNAS = "Proceedings of the National Academy of Sciences
                    of the USA" }
 @String{ProcNAS = "Proc. Nat. Acad. Sci. U. S. A." }
 @String{Psychometrika = "Psychometrika" }
 @String{QuartMath = "Quarterly Journal of Mathematics, Oxford, Series (2)" }
 @String{QuartMath = "Quart. J. Math. Oxford Ser. (2)" }
 @String{QuartApplMath = "Quarterly of Applied Mathematics" }
 @String{QuartApplMath = "Quart. Appl. Math." }
 @String{RevueInstStat = "Review of the International Statisical Institute" }
 @String{RevueInstStat = "Rev. Inst. Internat. Statist." }

 %SIAM
 @String{JSIAM = "Journal of the Society for Industrial and Applied
     Mathematics" }
 @String{JSIAM = "J. Soc. Indust. Appl. Math." }
 @String{JSIAMB = "Journal of the Society for Industrial and Applied
     Mathematics, Series B, Numerical Analysis" }
 @String{JSIAMB = "J. Soc. Indust. Appl. Math. Ser. B Numer. Anal." }
 @String{SIAMAlgMeth = "{SIAM} Journal on Algebraic and Discrete Methods" }
 @String{SIAMAlgMeth = "{SIAM} J. Algebraic Discrete Methods" }
 @String{SIAMAppMath = "{SIAM} Journal on Applied Mathematics" }
 @String{SIAMAppMath = "{SIAM} J. Appl. Math." }
 @String{SIAMComp = "{SIAM} Journal on Computing" }
 @String{SIAMComp = "{SIAM} J. Comput." }
 @String{SIAMMatrix = "{SIAM} Journal on Matrix Analysis and Applications" }
 @String{SIAMMatrix = "{SIAM} J. Matrix Anal. Appl." }
 @String{SIAMNumAnal = "{SIAM} Journal on Numerical Analysis" }
 @String{SIAMNumAnal = "{SIAM} J. Numer. Anal." }
 @String{SIAMReview = "{SIAM} Review" }
 @String{SIAMReview = "{SIAM} Rev." }
 @String{SIAMSciStat = "{SIAM} Journal on Scientific and Statistical
     Computing" }
 @String{SIAMSciStat = "{SIAM} J. Sci. Statist. Comput." }

 @String{SoftPracExp = "Software Practice and Experience" }
 @String{SoftPracExp = "Software Prac. Experience" } % didn't find in AMS MR
 @String{StatScience = "Statistical Science" }
 @String{StatScience = "Statist. Sci." }
 @String{Techno = "Technometrics" }
 @String{USSRCompMathPhys = "{USSR} Computational Mathematics and Mathematical
     Physics" }
 @String{USSRCompMathPhys = "{U. S. S. R.} Comput. Math. and Math. Phys." }
 @String{VLSICompSys = "Journal of {VLSI} and Computer Systems" }
 @String{VLSICompSys = "J. {VLSI} Comput. Syst." }
 @String{ZAngewMathMech = "Zeitschrift fur Angewandte Mathematik und
     Mechanik" }
 @String{ZAngewMathMech = "Z. Angew. Math. Mech." }
 @String{ZAngewMathPhys = "Zeitschrift fur Angewandte Mathematik und Physik" }
 @String{ZAngewMathPhys = "Z. Angew. Math. Phys." }

% Publishers % ================================================= |

 @String{Academic = "Academic Press" }
 @String{ACMPress = "{ACM} Press" }
 @String{AdamHilger = "Adam Hilger" }
 @String{AddisonWesley = "Addison-Wesley" }
 @String{AllynBacon = "Allyn and Bacon" }
 @String{AMS = "American Mathematical Society" }
 @String{Birkhauser = "Birkha{\"u}ser" }
 @String{CambridgePress = "Cambridge University Press" }
 @String{Chelsea = "Chelsea" }
 @String{ClaredonPress = "Claredon Press" }
 @String{DoverPub = "Dover Publications" }
 @String{Eyolles = "Eyolles" }
 @String{HoltRinehartWinston = "Holt, Rinehart and Winston" }
 @String{Interscience = "Interscience" }
 @String{JohnsHopkinsPress = "The Johns Hopkins University Press" }
 @String{JohnWileySons = "John Wiley and Sons" }
 @String{Macmillan = "Macmillan" }
 @String{MathWorks = "The Math Works Inc." }
 @String{McGrawHill = "McGraw-Hill" }
 @String{NatBurStd = "National Bureau of Standards" }
 @String{NorthHolland = "North-Holland" }
 @String{OxfordPress = "Oxford University Press" }  %address Oxford or London?
 @String{PergamonPress = "Pergamon Press" }
 @String{PlenumPress = "Plenum Press" }
 @String{PrenticeHall = "Prentice-Hall" }
 @String{SIAMPub = "{SIAM} Publications" }
 @String{Springer = "Springer-Verlag" }
 @String{TexasPress = "University of Texas Press" }
 @String{VanNostrand = "Van Nostrand" }
 @String{WHFreeman = "W. H. Freeman and Co." }

%Entries
@article{FKS03,
  author    = {Ronald Fagin and
               Ravi Kumar and
               D. Sivakumar},
  title     = {Comparing Top k Lists},
  journal   = {{SIAM} J. Discret. Math.},
  volume    = {17},
  number    = {1},
  pages     = {134--160},
  year      = {2003},
  url       = {https://doi.org/10.1137/S0895480102412856},
  doi       = {10.1137/S0895480102412856},
  timestamp = {Fri, 23 Jul 2021 17:19:15 +0200},
  biburl    = {https://dblp.org/rec/journals/siamdm/FaginKS03.bib},
  bibsource = {dblp computer science bibliography, https://dblp.org}
}

@article{BRAM15,
  author    = {Matteo Brucato and
               Rahul Ramakrishna and
               Azza Abouzied and
               Alexandra Meliou},
  title     = {PackageBuilder: From Tuples to Packages},
  journal   = {CoRR},
  volume    = {abs/1507.00942},
  year      = {2015},
  url       = {http://arxiv.org/abs/1507.00942},
  eprinttype = {arXiv},
  eprint    = {1507.00942},
  timestamp = {Mon, 13 Aug 2018 16:48:27 +0200},
  biburl    = {https://dblp.org/rec/journals/corr/BrucatoRAM15.bib},
  bibsource = {dblp computer science bibliography, https://dblp.org}
}

@inproceedings{BAM14,
  author    = {Matteo Brucato and
               Azza Abouzied and
               Alexandra Meliou},
  editor    = {Rada Chirkova and
               Jun Yang},
  title     = {Improving package recommendations through query relaxation},
  booktitle = {Proceedings of the First International Workshop on Bringing the Value
               of "Big Data" to Users, Data4U@VLDB 2014, Hangzhou, China, September
               1, 2014},
  pages     = {13},
  publisher = {{ACM}},
  year      = {2014},
  url       = {https://doi.org/10.1145/2658840.2658843},
  doi       = {10.1145/2658840.2658843},
  timestamp = {Tue, 06 Nov 2018 16:57:17 +0100},
  biburl    = {https://dblp.org/rec/conf/vldb/BrucatoAM14.bib},
  bibsource = {dblp computer science bibliography, https://dblp.org}
}

@inproceedings{MK09,
  author    = {Chaitanya Mishra and
               Nick Koudas},
  editor    = {Martin L. Kersten and
               Boris Novikov and
               Jens Teubner and
               Vladimir Polutin and
               Stefan Manegold},
  title     = {Interactive query refinement},
  booktitle = {{EDBT} 2009, 12th International Conference on Extending Database Technology,
               Saint Petersburg, Russia, March 24-26, 2009, Proceedings},
  series    = {{ACM} International Conference Proceeding Series},
  volume    = {360},
  pages     = {862--873},
  publisher = {{ACM}},
  year      = {2009},
  url       = {https://doi.org/10.1145/1516360.1516459},
  doi       = {10.1145/1516360.1516459},
  timestamp = {Wed, 04 May 2022 13:02:27 +0200},
  biburl    = {https://dblp.org/rec/conf/edbt/MishraK09.bib},
  bibsource = {dblp computer science bibliography, https://dblp.org}
}

@inproceedings{MLJ22,
  author    = {Yuval Moskovitch and
               Jinyang Li and
               H. V. Jagadish},
  editor    = {Adriane Chapman and
               Daniel Deutch and
               Tanu Malik},
  title     = {Bias analysis and mitigation in data-driven tools using provenance},
  booktitle = {Proceedings of the 14th International Workshop on the Theory and Practice
               of Provenance, TaPP 2022, Philadelphia, Pennsylvania, 17 June 2022},
  pages     = {1:1--1:4},
  publisher = {{ACM}},
  year      = {2022},
  url       = {https://doi.org/10.1145/3530800.3534528},
  doi       = {10.1145/3530800.3534528},
  timestamp = {Tue, 24 May 2022 16:30:45 +0200},
  biburl    = {https://dblp.org/rec/conf/tapp/MoskovitchLJ22.bib},
  bibsource = {dblp computer science bibliography, https://dblp.org}
}

@inproceedings{CSV18,
  author    = {L. Elisa Celis and
               Damian Straszak and
               Nisheeth K. Vishnoi},
  editor    = {Ioannis Chatzigiannakis and
               Christos Kaklamanis and
               D{\'{a}}niel Marx and
               Donald Sannella},
  title     = {Ranking with Fairness Constraints},
  booktitle = {45th International Colloquium on Automata, Languages, and Programming,
               {ICALP} 2018, July 9-13, 2018, Prague, Czech Republic},
  series    = {LIPIcs},
  volume    = {107},
  pages     = {28:1--28:15},
  publisher = {Schloss Dagstuhl - Leibniz-Zentrum f{\"{u}}r Informatik},
  year      = {2018},
  url       = {https://doi.org/10.4230/LIPIcs.ICALP.2018.28},
  doi       = {10.4230/LIPIcs.ICALP.2018.28},
  timestamp = {Tue, 11 Feb 2020 15:52:14 +0100},
  biburl    = {https://dblp.org/rec/conf/icalp/CelisSV18.bib},
  bibsource = {dblp computer science bibliography, https://dblp.org}
}

@inproceedings{YGS19,
  author    = {Ke Yang and
               Vasilis Gkatzelis and
               Julia Stoyanovich},
  editor    = {Sarit Kraus},
  title     = {Balanced Ranking with Diversity Constraints},
  booktitle = {Proceedings of the Twenty-Eighth International Joint Conference on
               Artificial Intelligence, {IJCAI} 2019, Macao, China, August 10-16,
               2019},
  pages     = {6035--6042},
  publisher = {ijcai.org},
  year      = {2019},
  url       = {https://doi.org/10.24963/ijcai.2019/836},
  doi       = {10.24963/ijcai.2019/836},
  timestamp = {Tue, 20 Aug 2019 16:18:18 +0200},
  biburl    = {https://dblp.org/rec/conf/ijcai/YangGS19.bib},
  bibsource = {dblp computer science bibliography, https://dblp.org}
}

@inproceedings{AJS19,
  author       = {Abolfazl Asudeh and
                  H. V. Jagadish and
                  Julia Stoyanovich and
                  Gautam Das},
  editor       = {Peter A. Boncz and
                  Stefan Manegold and
                  Anastasia Ailamaki and
                  Amol Deshpande and
                  Tim Kraska},
  title        = {Designing Fair Ranking Schemes},
  booktitle    = {Proceedings of the 2019 International Conference on Management of
                  Data, {SIGMOD} Conference 2019, Amsterdam, The Netherlands, June 30
                  - July 5, 2019},
  pages        = {1259--1276},
  publisher    = {{ACM}},
  year         = {2019},
  url          = {https://doi.org/10.1145/3299869.3300079},
  doi          = {10.1145/3299869.3300079},
  timestamp    = {Sat, 22 Jun 2019 17:10:04 +0200},
  biburl       = {https://dblp.org/rec/conf/sigmod/AsudehJS019.bib},
  bibsource    = {dblp computer science bibliography, https://dblp.org}
}

@inproceedings{SYJ18,
  author       = {Julia Stoyanovich and
                  Ke Yang and
                  H. V. Jagadish},
  editor       = {Michael H. B{\"{o}}hlen and
                  Reinhard Pichler and
                  Norman May and
                  Erhard Rahm and
                  Shan{-}Hung Wu and
                  Katja Hose},
  title        = {Online Set Selection with Fairness and Diversity Constraints},
  booktitle    = {Proceedings of the 21st International Conference on Extending Database
                  Technology, {EDBT} 2018, Vienna, Austria, March 26-29, 2018},
  pages        = {241--252},
  publisher    = {OpenProceedings.org},
  year         = {2018},
  url          = {https://doi.org/10.5441/002/edbt.2018.22},
  doi          = {10.5441/002/edbt.2018.22},
  timestamp    = {Fri, 29 Jan 2021 22:08:41 +0100},
  biburl       = {https://dblp.org/rec/conf/edbt/StoyanovichYJ18.bib},
  bibsource    = {dblp computer science bibliography, https://dblp.org}
}

@article{IW84,
  author       = {Tomasz Imielinski and
                  Witold Lipski Jr.},
  title        = {Incomplete Information in Relational Databases},
  journal      = {J. {ACM}},
  volume       = {31},
  number       = {4},
  pages        = {761--791},
  year         = {1984},
  url          = {https://doi.org/10.1145/1634.1886},
  doi          = {10.1145/1634.1886},
  timestamp    = {Wed, 14 Nov 2018 10:35:26 +0100},
  biburl       = {https://dblp.org/rec/journals/jacm/ImielinskiL84.bib},
  bibsource    = {dblp computer science bibliography, https://dblp.org}
}

@inproceedings{BKS01,
  author       = {Stephan B{\"{o}}rzs{\"{o}}nyi and
                  Donald Kossmann and
                  Konrad Stocker},
  editor       = {Dimitrios Georgakopoulos and
                  Alexander Buchmann},
  title        = {The Skyline Operator},
  booktitle    = {Proceedings of the 17th International Conference on Data Engineering,
                  April 2-6, 2001, Heidelberg, Germany},
  pages        = {421--430},
  publisher    = {{IEEE} Computer Society},
  year         = {2001},
  url          = {https://doi.org/10.1109/ICDE.2001.914855},
  doi          = {10.1109/ICDE.2001.914855},
  timestamp    = {Fri, 24 Mar 2023 00:00:00 +0100},
  biburl       = {https://dblp.org/rec/conf/icde/BorzsonyiKS01.bib},
  bibsource    = {dblp computer science bibliography, https://dblp.org}
}

@article{ZYS23,
  author       = {Meike Zehlike and
                  Ke Yang and
                  Julia Stoyanovich},
  title        = {Fairness in Ranking, Part {I:} Score-Based Ranking},
  journal      = {{ACM} Comput. Surv.},
  volume       = {55},
  number       = {6},
  pages        = {118:1--118:36},
  year         = {2023},
  url          = {https://doi.org/10.1145/3533379},
  doi          = {10.1145/3533379},
  timestamp    = {Tue, 31 Jan 2023 20:44:01 +0100},
  biburl       = {https://dblp.org/rec/journals/csur/ZehlikeYS23a.bib},
  bibsource    = {dblp computer science bibliography, https://dblp.org}
}

@article{ZYS23b,
  author       = {Meike Zehlike and
                  Ke Yang and
                  Julia Stoyanovich},
  title        = {Fairness in Ranking, Part {II:} Learning-to-Rank and Recommender Systems},
  journal      = {{ACM} Comput. Surv.},
  volume       = {55},
  number       = {6},
  pages        = {117:1--117:41},
  year         = {2023},
  url          = {https://doi.org/10.1145/3533380},
  doi          = {10.1145/3533380},
  timestamp    = {Tue, 31 Jan 2023 20:44:00 +0100},
  biburl       = {https://dblp.org/rec/journals/csur/ZehlikeYS23.bib},
  bibsource    = {dblp computer science bibliography, https://dblp.org}
}

@inproceedings{K72,
  author       = {Richard M. Karp},
  editor       = {Raymond E. Miller and
                  James W. Thatcher},
  title        = {Reducibility Among Combinatorial Problems},
  booktitle    = {Proceedings of a symposium on the Complexity of Computer Computations,
                  held March 20-22, 1972, at the {IBM} Thomas J. Watson Research Center,
                  Yorktown Heights, New York, {USA}},
  series       = {The {IBM} Research Symposia Series},
  pages        = {85--103},
  publisher    = {Plenum Press, New York},
  year         = {1972},
  url          = {https://doi.org/10.1007/978-1-4684-2001-2\_9},
  doi          = {10.1007/978-1-4684-2001-2\_9},
  timestamp    = {Wed, 16 Mar 2022 23:55:58 +0100},
  biburl       = {https://dblp.org/rec/conf/coco/Karp72.bib},
  bibsource    = {dblp computer science bibliography, https://dblp.org}
}

@inproceedings{DIMT13,
  author       = {Daniel Deutch and
                  Zachary G. Ives and
                  Tova Milo and
                  Val Tannen},
  title        = {Caravan: Provisioning for What-If Analysis},
  booktitle    = {Sixth Biennial Conference on Innovative Data Systems Research, {CIDR}
                  2013, Asilomar, CA, USA, January 6-9, 2013, Online Proceedings},
  publisher    = {www.cidrdb.org},
  year         = {2013},
  url          = {http://cidrdb.org/cidr2013/Papers/CIDR13\_Paper100.pdf},
  timestamp    = {Mon, 18 Jul 2022 17:13:00 +0200},
  biburl       = {https://dblp.org/rec/conf/cidr/DeutchIMT13.bib},
  bibsource    = {dblp computer science bibliography, https://dblp.org}
}

@book{Foundations,
  author       = {Serge Abiteboul and
                  Richard Hull and
                  Victor Vianu},
  title        = {Foundations of Databases},
  publisher    = {Addison-Wesley},
  year         = {1995},
  url          = {http://webdam.inria.fr/Alice/},
  isbn         = {0-201-53771-0},
  timestamp    = {Sat, 11 Nov 2017 21:53:30 +0100},
  biburl       = {https://dblp.org/rec/books/aw/AbiteboulHV95.bib},
  bibsource    = {dblp computer science bibliography, https://dblp.org}
}

%https://dl.acm.org/doi/pdf/10.1145/1066157.1066173 ?

@article{DuckDBWASM,
  author       = {Andr{\'{e}} Kohn and
                  Dominik Moritz and
                  Mark Raasveldt and
                  Hannes M{\"{u}}hleisen and
                  Thomas Neumann},
  title        = {DuckDB-Wasm: Fast Analytical Processing for the Web},
  journal      = {Proc. {VLDB} Endow.},
  volume       = {15},
  number       = {12},
  pages        = {3574--3577},
  year         = {2022},
  url          = {https://www.vldb.org/pvldb/vol15/p3574-kohn.pdf},
  timestamp    = {Thu, 27 Jul 2023 08:32:11 +0200},
  biburl       = {https://dblp.org/rec/journals/pvldb/KohnMRMN22.bib},
  bibsource    = {dblp computer science bibliography, https://dblp.org}
}

@inproceedings{DuckDB,
  author       = {Mark Raasveldt and
                  Hannes M{\"{u}}hleisen},
  editor       = {Peter A. Boncz and
                  Stefan Manegold and
                  Anastasia Ailamaki and
                  Amol Deshpande and
                  Tim Kraska},
  title        = {DuckDB: an Embeddable Analytical Database},
  booktitle    = {Proceedings of the 2019 International Conference on Management of
                  Data, {SIGMOD} Conference 2019, Amsterdam, The Netherlands, June 30
                  - July 5, 2019},
  pages        = {1981--1984},
  publisher    = {{ACM}},
  year         = {2019},
  url          = {https://doi.org/10.1145/3299869.3320212},
  doi          = {10.1145/3299869.3320212},
  timestamp    = {Sat, 22 Jun 2019 17:10:04 +0200},
  biburl       = {https://dblp.org/rec/conf/sigmod/RaasveldtM19.bib},
  bibsource    = {dblp computer science bibliography, https://dblp.org}
}

@inproceedings{Tiresias,
  author       = {Alexandra Meliou and
                  Dan Suciu},
  editor       = {K. Sel{\c{c}}uk Candan and
                  Yi Chen and
                  Richard T. Snodgrass and
                  Luis Gravano and
                  Ariel Fuxman},
  title        = {Tiresias: the database oracle for how-to queries},
  booktitle    = {Proceedings of the {ACM} {SIGMOD} International Conference on Management
                  of Data, {SIGMOD} 2012, Scottsdale, AZ, USA, May 20-24, 2012},
  pages        = {337--348},
  publisher    = {{ACM}},
  year         = {2012},
  url          = {https://doi.org/10.1145/2213836.2213875},
  doi          = {10.1145/2213836.2213875},
  timestamp    = {Tue, 06 Nov 2018 11:07:39 +0100},
  biburl       = {https://dblp.org/rec/conf/sigmod/MeliouS12.bib},
  bibsource    = {dblp computer science bibliography, https://dblp.org}
}

@inproceedings{QFix,
  author       = {Xiaolan Wang and
                  Alexandra Meliou and
                  Eugene Wu},
  editor       = {Semih Salihoglu and
                  Wenchao Zhou and
                  Rada Chirkova and
                  Jun Yang and
                  Dan Suciu},
  title        = {QFix: Diagnosing Errors through Query Histories},
  booktitle    = {Proceedings of the 2017 {ACM} International Conference on Management
                  of Data, {SIGMOD} Conference 2017, Chicago, IL, USA, May 14-19, 2017},
  pages        = {1369--1384},
  publisher    = {{ACM}},
  year         = {2017},
  url          = {https://doi.org/10.1145/3035918.3035925},
  doi          = {10.1145/3035918.3035925},
  timestamp    = {Tue, 16 Jun 2020 17:47:22 +0200},
  biburl       = {https://dblp.org/rec/conf/sigmod/WangM017.bib},
  bibsource    = {dblp computer science bibliography, https://dblp.org}
}

@article{BAM18,
  author       = {Matteo Brucato and
                  Azza Abouzied and
                  Alexandra Meliou},
  title        = {Package queries: efficient and scalable computation of high-order
                  constraints},
  journal      = {{VLDB} J.},
  volume       = {27},
  number       = {5},
  pages        = {693--718},
  year         = {2018},
  url          = {https://doi.org/10.1007/s00778-017-0483-4},
  doi          = {10.1007/s00778-017-0483-4},
  timestamp    = {Wed, 03 Oct 2018 11:11:15 +0200},
  biburl       = {https://dblp.org/rec/journals/vldb/BrucatoAM18.bib},
  bibsource    = {dblp computer science bibliography, https://dblp.org}
}

@article{PackageQueriesScale,
  author       = {Anh L. Mai and
                  Pengyu Wang and
                  Azza Abouzied and
                  Matteo Brucato and
                  Peter J. Haas and
                  Alexandra Meliou},
  title        = {Scaling Package Queries to a Billion Tuples via Hierarchical Partitioning
                  and Customized Optimization},
  journal      = {CoRR},
  volume       = {abs/2307.02860},
  year         = {2023},
  url          = {https://doi.org/10.48550/arXiv.2307.02860},
  doi          = {10.48550/arXiv.2307.02860},
  eprinttype    = {arXiv},
  eprint       = {2307.02860},
  timestamp    = {Mon, 24 Jul 2023 09:14:39 +0200},
  biburl       = {https://dblp.org/rec/journals/corr/abs-2307-02860.bib},
  bibsource    = {dblp computer science bibliography, https://dblp.org}
}

@inproceedings{SSAD22,
  author       = {Suraj Shetiya and
                  Ian P. Swift and
                  Abolfazl Asudeh and
                  Gautam Das},
  title        = {Fairness-Aware Range Queries for Selecting Unbiased Data},
  booktitle    = {38th {IEEE} International Conference on Data Engineering, {ICDE} 2022,
                  Kuala Lumpur, Malaysia, May 9-12, 2022},
  pages        = {1423--1436},
  publisher    = {{IEEE}},
  year         = {2022},
  url          = {https://doi.org/10.1109/ICDE53745.2022.00111},
  doi          = {10.1109/ICDE53745.2022.00111},
  timestamp    = {Fri, 05 Aug 2022 16:24:00 +0200},
  biburl       = {https://dblp.org/rec/conf/icde/ShetiyaSAD22.bib},
  bibsource    = {dblp computer science bibliography, https://dblp.org}
}

@article{IWSR22,
  author       = {Md Mouinul Islam and
                  Dong Wei and
                  Baruch Schieber and
                  Senjuti Basu Roy},
  title        = {Satisfying Complex Top-k Fairness Constraints by Preference Substitutions},
  journal      = {Proc. {VLDB} Endow.},
  volume       = {16},
  number       = {2},
  pages        = {317--329},
  year         = {2022},
  url          = {https://www.vldb.org/pvldb/vol16/p317-roy.pdf},
  timestamp    = {Wed, 11 Jan 2023 17:06:38 +0100},
  biburl       = {https://dblp.org/rec/journals/pvldb/Islam0SR22.bib},
  bibsource    = {dblp computer science bibliography, https://dblp.org}
}

@article{CC62,
  title={Programming with linear fractional functionals},
  author={Charnes, Abraham and Cooper, William W},
  journal={Naval Research Logistics Quarterly},
  volume={9},
  number={3-4},
  pages={181--186},
  year={1962},
  publisher={Wiley Online Library}
}

@inproceedings{YS17,
  author       = {Ke Yang and
                  Julia Stoyanovich},
  title        = {Measuring Fairness in Ranked Outputs},
  booktitle    = {Proceedings of the 29th International Conference on Scientific and
                  Statistical Database Management, Chicago, IL, USA, June 27-29, 2017},
  pages        = {22:1--22:6},
  publisher    = {{ACM}},
  year         = {2017},
  url          = {https://doi.org/10.1145/3085504.3085526},
  doi          = {10.1145/3085504.3085526},
  timestamp    = {Tue, 06 Nov 2018 16:57:31 +0100},
  biburl       = {https://dblp.org/rec/conf/ssdbm/YangS17.bib},
  bibsource    = {dblp computer science bibliography, https://dblp.org}
}

@inproceedings{KR18,
  author       = {Jon M. Kleinberg and
                  Manish Raghavan},
  editor       = {Anna R. Karlin},
  title        = {Selection Problems in the Presence of Implicit Bias},
  booktitle    = {9th Innovations in Theoretical Computer Science Conference, {ITCS}
                  2018, January 11-14, 2018, Cambridge, MA, {USA}},
  series       = {LIPIcs},
  volume       = {94},
  pages        = {33:1--33:17},
  publisher    = {Schloss Dagstuhl - Leibniz-Zentrum f{\"{u}}r Informatik},
  year         = {2018},
  url          = {https://doi.org/10.4230/LIPIcs.ITCS.2018.33},
  doi          = {10.4230/LIPIcs.ITCS.2018.33},
  timestamp    = {Tue, 11 Feb 2020 15:52:14 +0100},
  biburl       = {https://dblp.org/rec/conf/innovations/KleinbergR18.bib},
  bibsource    = {dblp computer science bibliography, https://dblp.org}
}

@inproceedings{CMV20,
  author       = {L. Elisa Celis and
                  Anay Mehrotra and
                  Nisheeth K. Vishnoi},
  editor       = {Mireille Hildebrandt and
                  Carlos Castillo and
                  L. Elisa Celis and
                  Salvatore Ruggieri and
                  Linnet Taylor and
                  Gabriela Zanfir{-}Fortuna},
  title        = {Interventions for ranking in the presence of implicit bias},
  booktitle    = {FAT* '20: Conference on Fairness, Accountability, and Transparency,
                  Barcelona, Spain, January 27-30, 2020},
  pages        = {369--380},
  publisher    = {{ACM}},
  year         = {2020},
  url          = {https://doi.org/10.1145/3351095.3372858},
  doi          = {10.1145/3351095.3372858},
  timestamp    = {Thu, 26 Aug 2021 22:19:24 +0200},
  biburl       = {https://dblp.org/rec/conf/fat/CelisMV20.bib},
  bibsource    = {dblp computer science bibliography, https://dblp.org}
}

@article{HBRArticle,
  title={All the ways hiring algorithms can introduce bias},
  author={Bogen, Miranda},
  journal={Harvard Business Review},
  year={2019},
  url={https://hbr.org/2019/05/all-the-ways-hiring-algorithms-can-introduce-bias}
}

@article{SPDK+23,
  author       = {Mohit Singhal and
                  Javier Pacheco and
                  Tanushree Debi and
                  Seyyed Mohammad Sadegh Moosavi Khorzooghi and
                  Abolfazl Asudeh and
                  Gautam Das and
                  Shirin Nilizadeh},
  title        = {Auditing Yelp's Business Ranking and Review Recommendation Through
                  the Lens of Fairness},
  journal      = {CoRR},
  volume       = {abs/2308.02129},
  year         = {2023},
  url          = {https://doi.org/10.48550/arXiv.2308.02129},
  doi          = {10.48550/arXiv.2308.02129},
  eprinttype    = {arXiv},
  eprint       = {2308.02129},
  timestamp    = {Mon, 21 Aug 2023 17:38:10 +0200},
  biburl       = {https://dblp.org/rec/journals/corr/abs-2308-02129.bib},
  bibsource    = {dblp computer science bibliography, https://dblp.org}
}

@article{berg2020rise,
  title={On the rise of fintechs: Credit scoring using digital footprints},
  author={Berg, Tobias and Burg, Valentin and Gombovi{\'c}, Ana and Puri, Manju},
  journal={The Review of Financial Studies},
  volume={33},
  number={7},
  year={2020},
  publisher={Oxford University Press}
}

@article{peskun2007effectiveness,
  title={Effectiveness of medical school admissions criteria in predicting residency ranking four years later},
  author={Peskun, Christopher and Detsky, Allan and Shandling, Maureen},
  journal={Medical education},
  volume={41},
  number={1},
  year={2007},
  publisher={Wiley Online Library}
}

@inproceedings{GeyikAK19,
  author    = {Sahin Cem Geyik and
               Stuart Ambler and
               Krishnaram Kenthapadi},
  title     = {Fairness-Aware Ranking in Search {\&} Recommendation Systems with
               Application to LinkedIn Talent Search},
  booktitle = { {SIGKDD} },
  publisher = {{ACM}},
  year      = {2019}
}


@inproceedings{DeutchMR19,
  author       = {Daniel Deutch and
                  Yuval Moskovitch and
                  Noam Rinetzky},
  title        = {Hypothetical Reasoning via Provenance Abstraction},
  booktitle    = {Proceedings of the 2019 International Conference on Management of
                  Data, {SIGMOD} Conference 2019, Amsterdam, The Netherlands, June 30
                  - July 5, 2019},
  pages        = {537--554},
  publisher    = {{ACM}},
  year         = {2019}
}

@inproceedings{BourhisDM16,
  author       = {Pierre Bourhis and
                  Daniel Deutch and
                  Yuval Moskovitch},
  title        = {Analyzing data-centric applications: Why, what-if, and how-to},
  booktitle    = {32nd {IEEE} International Conference on Data Engineering, {ICDE} 2016,
                  Helsinki, Finland, May 16-20, 2016},
  pages        = {779--790},
  publisher    = {{IEEE} Computer Society},
  year         = {2016},
  url          = {https://doi.org/10.1109/ICDE.2016.7498289},
  doi          = {10.1109/ICDE.2016.7498289},
  timestamp    = {Fri, 24 Mar 2023 00:00:01 +0100},
  biburl       = {https://dblp.org/rec/conf/icde/BourhisDM16.bib},
  bibsource    = {dblp computer science bibliography, https://dblp.org}
}


@article{DeutchMT14,
  author       = {Daniel Deutch and
                  Yuval Moskovitch and
                  Val Tannen},
  title        = {A Provenance Framework for Data-Dependent Process Analysis},
  journal      = {Proc. {VLDB} Endow.},
  volume       = {7},
  number       = {6},
  pages        = {457--468},
  year         = {2014},
  url          = {http://www.vldb.org/pvldb/vol7/p457-deutch.pdf},
  doi          = {10.14778/2732279.2732283}
}

@inproceedings{MoskovitchLJ22,
  author       = {Yuval Moskovitch and
                  Jinyang Li and
                  H. V. Jagadish},
  title        = {Bias analysis and mitigation in data-driven tools using provenance},
  booktitle    = {Proceedings of the 14th International Workshop on the Theory and Practice
                  of Provenance, TaPP 2022, Philadelphia, Pennsylvania, 17 June 2022},
  pages        = {1:1--1:4},
  publisher    = {{ACM}},
  year         = {2022},
  url          = {https://doi.org/10.1145/3530800.3534528},
  doi          = {10.1145/3530800.3534528}
}

@article{LawDataOriginal,
  title={LSAC National Longitudinal Bar Passage Study. LSAC Research Report Series.},
  author={Wightman, Linda F},
  year={1998},
  publisher={ERIC}
}

@inproceedings{LawData,
  author       = {Matt J. Kusner and
                  Joshua R. Loftus and
                  Chris Russell and
                  Ricardo Silva},
  editor       = {Isabelle Guyon and
                  Ulrike von Luxburg and
                  Samy Bengio and
                  Hanna M. Wallach and
                  Rob Fergus and
                  S. V. N. Vishwanathan and
                  Roman Garnett},
  title        = {Counterfactual Fairness},
  booktitle    = {Advances in Neural Information Processing Systems 30: Annual Conference
                  on Neural Information Processing Systems 2017, December 4-9, 2017,
                  Long Beach, CA, {USA}},
  pages        = {4066--4076},
  year         = {2017},
  url          = {https://proceedings.neurips.cc/paper/2017/hash/a486cd07e4ac3d270571622f4f316ec5-Abstract.html},
  timestamp    = {Thu, 21 Jan 2021 15:15:21 +0100},
  biburl       = {https://dblp.org/rec/conf/nips/KusnerLRS17.bib},
  bibsource    = {dblp computer science bibliography, https://dblp.org}
}

@article{ERICA,
author = {Li, Jinyang and Silberstein, Alon and Moskovitch, Yuval and Stoyanovich, Julia and Jagadish, H. V.},
title = {Erica: Query Refinement for Diversity Constraint Satisfaction},
year = {2023},
publisher = {VLDB Endowment},
volume = {16},
number = {12},
issn = {2150-8097},
url = {https://doi.org/10.14778/3611540.3611623},
doi = {10.14778/3611540.3611623},
journal = {Proc. VLDB Endow.},
pages = {4070–4073},
numpages = {4}
}

@article{ZHW20,
  author       = {Meike Zehlike and
                  Philipp Hacker and
                  Emil Wiedemann},
  title        = {Matching code and law: achieving algorithmic fairness with optimal
                  transport},
  journal      = {Data Min. Knowl. Discov.},
  volume       = {34},
  number       = {1},
  pages        = {163--200},
  year         = {2020},
  url          = {https://doi.org/10.1007/s10618-019-00658-8},
  doi          = {10.1007/s10618-019-00658-8},
  timestamp    = {Mon, 28 Aug 2023 21:40:07 +0200},
  biburl       = {https://dblp.org/rec/journals/datamine/ZehlikeHW20.bib},
  bibsource    = {dblp computer science bibliography, https://dblp.org}
}

@article{B14,
  title={Medical research: Missing patients},
  author={Burchard, Esteban G},
  journal={Nature},
  volume={513},
  number={7518},
  pages={301--302},
  year={2014},
  publisher={Nature Publishing Group UK London}
}

@article{ICDE23,
  author       = {Yuval Moskovitch and
                  Jinyang Li and
                  H. V. Jagadish},
  title        = {Detection of Groups with Biased Representation in Ranking},
  journal      = {CoRR},
  volume       = {abs/2301.00719},
  year         = {2023},
  url          = {https://doi.org/10.48550/arXiv.2301.00719},
  doi          = {10.48550/arXiv.2301.00719},
  eprinttype    = {arXiv},
  eprint       = {2301.00719},
  timestamp    = {Tue, 10 Jan 2023 15:10:12 +0100},
  biburl       = {https://dblp.org/rec/journals/corr/abs-2301-00719.bib},
  bibsource    = {dblp computer science bibliography, https://dblp.org}
}

@article{CMR23,
  author       = {Zixuan Chen and
                  Panagiotis Manolios and
                  Mirek Riedewald},
  title        = {Why Not Yet: Fixing a Top-k Ranking that Is Not Fair to Individuals},
  journal      = {Proc. {VLDB} Endow.},
  volume       = {16},
  number       = {9},
  pages        = {2377--2390},
  year         = {2023},
  url          = {https://www.vldb.org/pvldb/vol16/p2377-chen.pdf},
  timestamp    = {Fri, 23 Jun 2023 23:15:28 +0200},
  biburl       = {https://dblp.org/rec/journals/pvldb/ChenMR23.bib},
  bibsource    = {dblp computer science bibliography, https://dblp.org}
}

@inproceedings{muslea2005online,
  title={Online query relaxation via bayesian causal structures discovery},
  author={Muslea, Ion and Lee, Thomas J},
  booktitle={AAAI},
  pages={831--836},
  year={2005}
}

@article{chu1994structured,
  title={A structured approach for cooperative query answering},
  author={Chu, Wesley W. and Chen, Qiming},
  journal={IEEE Transactions on Knowledge and Data Engineering},
  volume={6},
  number={5},
  pages={738--749},
  year={1994},
  publisher={IEEE}
}

@inproceedings{KoudasLTV06,
  author    = {Nick Koudas and
               Chen Li and
               Anthony K. H. Tung and
               Rares Vernica},
  title     = {Relaxing Join and Selection Queries},
  booktitle = {{VLDB}},
  year      = {2006}
}

@inproceedings{tran2009query,
  title={Query by output},
  author={Tran, Quoc Trung and Chan, Chee-Yong and Parthasarathy, Srinivasan},
  booktitle={Proceedings of the 2009 ACM SIGMOD International Conference on Management of data},
  pages={535--548},
  year={2009}
}

@inproceedings{tran2010conquer,
  title={How to conquer why-not questions},
  author={Tran, Quoc Trung and Chan, Chee-Yong},
  booktitle={Proceedings of the 2010 ACM SIGMOD International Conference on Management of data},
  pages={15--26},
  year={2010}
}

%inproceedings{Extended,
%  title={Query Refinement for Diverse Top-$k$ Selection (Extended Version)},
%  author={Anonymous},
%  url={https://anonymous.4open.science/r/diverse-top-k/extended.pdf},
%  year={2023}
%}

@misc{Extended,
      title={Query Refinement for Diverse Top-$k$ Selection (Tech Report)}, 
      author={Felix S. Campbell and Alon Silberstein and Julia Stoyanovich and Yuval Moskovitch},
      year={2024},
      eprint={2403.17786},
      archivePrefix={arXiv},
      primaryClass={cs.DB}
}

@article{DBLP:journals/cacm/Baeza-Yates18,
  author       = {Ricardo Baeza{-}Yates},
  title        = {Bias on the web},
  journal      = {Commun. {ACM}},
  volume       = {61},
  number       = {6},
  pages        = {54--61},
  year         = {2018},
  url          = {https://doi.org/10.1145/3209581},
  doi          = {10.1145/3209581},
  timestamp    = {Mon, 26 Oct 2020 08:32:15 +0100},
  biburl       = {https://dblp.org/rec/journals/cacm/Baeza-Yates18.bib},
  bibsource    = {dblp computer science bibliography, https://dblp.org}
}

@article{10.1093/biomet/30.1-2.81,
    author = {Kendall, M. G.},
    title = "{A New Measure of Rank Correlation}",
    journal = {Biometrika},
    volume = {30},
    number = {1-2},
    pages = {81-93},
    year = {1938},
    month = {06},
    issn = {0006-3444},
    doi = {10.1093/biomet/30.1-2.81},
    url = {https://doi.org/10.1093/biomet/30.1-2.81},
    eprint = {https://academic.oup.com/biomet/article-pdf/30/1-2/81/423380/30-1-2-81.pdf},
}

@inproceedings{GS09,
  author       = {Sreenivas Gollapudi and
                  Aneesh Sharma},
  editor       = {Juan Quemada and
                  Gonzalo Le{\'{o}}n and
                  Yo{\"{e}}lle S. Maarek and
                  Wolfgang Nejdl},
  title        = {An axiomatic approach for result diversification},
  booktitle    = {Proceedings of the 18th International Conference on World Wide Web,
                  {WWW} 2009, Madrid, Spain, April 20-24, 2009},
  pages        = {381--390},
  publisher    = {{ACM}},
  year         = {2009},
  url          = {https://doi.org/10.1145/1526709.1526761},
  doi          = {10.1145/1526709.1526761},
  timestamp    = {Thu, 28 Nov 2019 10:44:18 +0100},
  biburl       = {https://dblp.org/rec/conf/www/GollapudiS09.bib},
  bibsource    = {dblp computer science bibliography, https://dblp.org}
}

@article{DF14,
  author       = {Ting Deng and
                  Wenfei Fan},
  title        = {On the Complexity of Query Result Diversification},
  journal      = {{ACM} Trans. Database Syst.},
  volume       = {39},
  number       = {2},
  pages        = {15:1--15:46},
  year         = {2014},
  url          = {https://doi.org/10.1145/2602136},
  doi          = {10.1145/2602136},
  timestamp    = {Wed, 14 Nov 2018 10:42:12 +0100},
  biburl       = {https://dblp.org/rec/journals/tods/DengF14.bib},
  bibsource    = {dblp computer science bibliography, https://dblp.org}
}

@inproceedings{VRB+11,
  author       = {Marcos R. Vieira and
                  Humberto Luiz Razente and
                  Maria Camila Nardini Barioni and
                  Marios Hadjieleftheriou and
                  Divesh Srivastava and
                  Caetano Traina Jr. and
                  Vassilis J. Tsotras},
  editor       = {Serge Abiteboul and
                  Klemens B{\"{o}}hm and
                  Christoph Koch and
                  Kian{-}Lee Tan},
  title        = {On query result diversification},
  booktitle    = {Proceedings of the 27th International Conference on Data Engineering,
                  {ICDE} 2011, April 11-16, 2011, Hannover, Germany},
  pages        = {1163--1174},
  publisher    = {{IEEE} Computer Society},
  year         = {2011},
  url          = {https://doi.org/10.1109/ICDE.2011.5767846},
  doi          = {10.1109/ICDE.2011.5767846},
  timestamp    = {Fri, 24 Mar 2023 00:00:02 +0100},
  biburl       = {https://dblp.org/rec/conf/icde/VieiraRBHSTT11.bib},
  bibsource    = {dblp computer science bibliography, https://dblp.org}
}

@inproceedings{
    SDV,
    title={The Synthetic data vault},
    author={Patki, Neha and Wedge, Roy and Veeramachaneni, Kalyan},
    booktitle={IEEE International Conference on Data Science and Advanced Analytics (DSAA)},
    year={2016},
    pages={399-410},
    doi={10.1109/DSAA.2016.49},
    month={Oct}
}

%TODO: use dblp entry (was offline when I added this)
@article{ERICAfull,
  title={Query Refinement for Diversity Constraint Satisfaction},
  author={Li, Jinyang and Moskovitch, Yuval and Stoyanovich, Julia and Jagadish, HV},
  journal={Proceedings of the VLDB Endowment},
  volume={17},
  number={2},
  pages={106--118},
  year={2023},
  publisher={VLDB Endowment}
}

@inproceedings{impl,
  title={Query Refinement for Diverse Top-$k$ Selection (Implementation)},
  author={Felix S. Campbell and Alon Silberstein and Julia Stoyanovich and Yuval Moskovitch},
  url={https://github.com/fsalc/diverse-top-k},
  year={2024}
}